<?xml version="1.0" encoding="UTF-8"?>
<marcx:record format="danMARC2" type="Bibliographic" xmlns:marcx="info:lc/xmlns/marcxchange-v1">
      <marcx:leader>00000n    2200000   4500</marcx:leader>
      <marcx:datafield tag="001" ind1="0" ind2="0">
        <marcx:subfield code="a">4 542 568 1</marcx:subfield>
        <marcx:subfield code="b">777777</marcx:subfield>
        <marcx:subfield code="c">20130704122946</marcx:subfield>
        <marcx:subfield code="d">20130704</marcx:subfield>
        <marcx:subfield code="f">a</marcx:subfield>
      </marcx:datafield>
      <marcx:datafield tag="002" ind1="0" ind2="0">
        <marcx:subfield code="b">710100</marcx:subfield>
        <marcx:subfield code="c">9 330 064 5</marcx:subfield>
        <marcx:subfield code="x">71010093300645</marcx:subfield>
      </marcx:datafield>
      <marcx:datafield tag="004" ind1="0" ind2="0">
        <marcx:subfield code="r">n</marcx:subfield>
        <marcx:subfield code="a">b</marcx:subfield>
      </marcx:datafield>
      <marcx:datafield tag="005" ind1="0" ind2="0">
        <marcx:subfield code="i">c</marcx:subfield>
        <marcx:subfield code="k">a</marcx:subfield>
      </marcx:datafield>
      <marcx:datafield tag="008" ind1="0" ind2="0">
        <marcx:subfield code="t">s</marcx:subfield>
        <marcx:subfield code="u">u</marcx:subfield>
        <marcx:subfield code="a">2002</marcx:subfield>
        <marcx:subfield code="v">0</marcx:subfield>
      </marcx:datafield>
      <marcx:datafield tag="014" ind1="0" ind2="0">
        <marcx:subfield code="a">4 542 567 3</marcx:subfield>
      </marcx:datafield>
      <marcx:datafield tag="021" ind1="0" ind2="0">
        <marcx:subfield code="a">0-7119-9370-X</marcx:subfield>
        <marcx:subfield code="n">PM 178201 R</marcx:subfield>
      </marcx:datafield>
      <marcx:datafield tag="245" ind1="0" ind2="0">
        <marcx:subfield code="G">1</marcx:subfield>
        <marcx:subfield code="g">Book 1</marcx:subfield>
        <marcx:subfield code="a">Easy - intermediate</marcx:subfield>
        <marcx:subfield code="c">a mix and match collection of 19 trio arrangements</marcx:subfield>
        <marcx:subfield code="e">[arr.] by James Power</marcx:subfield>
      </marcx:datafield>
      <marcx:datafield tag="260" ind1="0" ind2="0">
        <marcx:subfield code="c">2002</marcx:subfield>
      </marcx:datafield>
      <marcx:datafield tag="300" ind1="0" ind2="0">
        <marcx:subfield code="a">32 sider</marcx:subfield>
      </marcx:datafield>
      <marcx:datafield tag="512" ind1="0" ind2="0">
        <marcx:subfield code="a">På titelside og omslag: These trios can be performed with any other combination of instruments within book 1</marcx:subfield>
      </marcx:datafield>
      <marcx:datafield tag="531" ind1="0" ind2="0">
        <marcx:subfield code="a">Indhold:</marcx:subfield>
      </marcx:datafield>
      <marcx:datafield tag="666" ind1="0" ind2="0">
        <marcx:subfield code="m">kammermusik</marcx:subfield>
        <marcx:subfield code="m">folkemusik</marcx:subfield>
        <marcx:subfield code="n">instrumental</marcx:subfield>
        <marcx:subfield code="n">fløjte</marcx:subfield>
        <marcx:subfield code="n">fløjtetrio</marcx:subfield>
      </marcx:datafield>
      <marcx:datafield tag="770" ind1="0" ind2="0">
        <marcx:subfield code="å">12</marcx:subfield>
        <marcx:subfield code="a">Power</marcx:subfield>
        <marcx:subfield code="h">James</marcx:subfield>
      </marcx:datafield>
      <marcx:datafield tag="770" ind1="0" ind2="0">
        <marcx:subfield code="å">14</marcx:subfield>
        <marcx:subfield code="a">Schumann</marcx:subfield>
        <marcx:subfield code="h">Robert</marcx:subfield>
      </marcx:datafield>
      <marcx:datafield tag="770" ind1="0" ind2="0">
        <marcx:subfield code="å">15</marcx:subfield>
        <marcx:subfield code="a">DvoÅ¡k</marcx:subfield>
        <marcx:subfield code="h">Antonín</marcx:subfield>
      </marcx:datafield>
      <marcx:datafield tag="770" ind1="0" ind2="0">
        <marcx:subfield code="å">17</marcx:subfield>
        <marcx:subfield code="a">Pierpont</marcx:subfield>
        <marcx:subfield code="h">J. S.</marcx:subfield>
      </marcx:datafield>
      <marcx:datafield tag="770" ind1="0" ind2="0">
        <marcx:subfield code="å">18</marcx:subfield>
        <marcx:subfield code="a">Molloy</marcx:subfield>
        <marcx:subfield code="h">James Lynam</marcx:subfield>
      </marcx:datafield>
      <marcx:datafield tag="770" ind1="0" ind2="0">
        <marcx:subfield code="å">21</marcx:subfield>
        <marcx:subfield code="a">Beethoven</marcx:subfield>
        <marcx:subfield code="h">Ludwig van</marcx:subfield>
      </marcx:datafield>
      <marcx:datafield tag="770" ind1="0" ind2="0">
        <marcx:subfield code="å">25</marcx:subfield>
        <marcx:subfield code="a">Rimskij-Korsakov</marcx:subfield>
        <marcx:subfield code="h">Nikolaj</marcx:subfield>
      </marcx:datafield>
      <marcx:datafield tag="770" ind1="0" ind2="0">
        <marcx:subfield code="å">26</marcx:subfield>
        <marcx:subfield code="a">Mozart</marcx:subfield>
        <marcx:subfield code="h">Wolfgang Amadeus</marcx:subfield>
      </marcx:datafield>
      <marcx:datafield tag="770" ind1="0" ind2="0">
        <marcx:subfield code="å">27</marcx:subfield>
        <marcx:subfield code="a">Tjajkovskij</marcx:subfield>
        <marcx:subfield code="h">Peïr</marcx:subfield>
      </marcx:datafield>
      <marcx:datafield tag="770" ind1="0" ind2="0">
        <marcx:subfield code="å">28</marcx:subfield>
        <marcx:subfield code="a">Black</marcx:subfield>
        <marcx:subfield code="h">James Milton</marcx:subfield>
      </marcx:datafield>
      <marcx:datafield tag="770" ind1="0" ind2="0">
        <marcx:subfield code="å">29</marcx:subfield>
        <marcx:subfield code="a">Schumann</marcx:subfield>
        <marcx:subfield code="h">Robert</marcx:subfield>
      </marcx:datafield>
      <marcx:datafield tag="770" ind1="0" ind2="0">
        <marcx:subfield code="å">12</marcx:subfield>
        <marcx:subfield code="a">Power</marcx:subfield>
        <marcx:subfield code="h">James</marcx:subfield>
      </marcx:datafield>
      <marcx:datafield tag="795" ind1="0" ind2="0">
        <marcx:subfield code="å">11</marcx:subfield>
        <marcx:subfield code="a">Country garden</marcx:subfield>
      </marcx:datafield>
      <marcx:datafield tag="795" ind1="0" ind2="0">
        <marcx:subfield code="å">12</marcx:subfield>
        <marcx:subfield code="a">Cutie flootie</marcx:subfield>
      </marcx:datafield>
      <marcx:datafield tag="795" ind1="0" ind2="0">
        <marcx:subfield code="å">13</marcx:subfield>
        <marcx:subfield code="a">God rest ye merry, gentlemen</marcx:subfield>
      </marcx:datafield>
      <marcx:datafield tag="795" ind1="0" ind2="0">
        <marcx:subfield code="å">14</marcx:subfield>
        <marcx:subfield code="a">Album für die Jugend, opus 68 (uddrag)</marcx:subfield>
        <marcx:subfield code="7">(</marcx:subfield>
        <marcx:subfield code="v">Fröhlicher Landmann)</marcx:subfield>
      </marcx:datafield>
      <marcx:datafield tag="795" ind1="0" ind2="0">
        <marcx:subfield code="å">15</marcx:subfield>
        <marcx:subfield code="a">Humoreske (uddrag)</marcx:subfield>
      </marcx:datafield>
      <marcx:datafield tag="795" ind1="0" ind2="0">
        <marcx:subfield code="å">16</marcx:subfield>
        <marcx:subfield code="a">Irish washerwoman</marcx:subfield>
      </marcx:datafield>
      <marcx:datafield tag="795" ind1="0" ind2="0">
        <marcx:subfield code="å">17</marcx:subfield>
        <marcx:subfield code="a">Jingle bells</marcx:subfield>
      </marcx:datafield>
      <marcx:datafield tag="795" ind1="0" ind2="0">
        <marcx:subfield code="å">18</marcx:subfield>
        <marcx:subfield code="a">The ¤Kerry dance</marcx:subfield>
        <marcx:subfield code="e">Molloy/trad.</marcx:subfield>
      </marcx:datafield>
      <marcx:datafield tag="795" ind1="0" ind2="0">
        <marcx:subfield code="å">19</marcx:subfield>
        <marcx:subfield code="a">Lincolnshire poacher</marcx:subfield>
      </marcx:datafield>
      <marcx:datafield tag="795" ind1="0" ind2="0">
        <marcx:subfield code="å">20</marcx:subfield>
        <marcx:subfield code="a">Mexican hat dance</marcx:subfield>
      </marcx:datafield>
      <marcx:datafield tag="795" ind1="0" ind2="0">
        <marcx:subfield code="å">21</marcx:subfield>
        <marcx:subfield code="a">Menuet (uddrag)</marcx:subfield>
      </marcx:datafield>
      <marcx:datafield tag="795" ind1="0" ind2="0">
        <marcx:subfield code="å">22</marcx:subfield>
        <marcx:subfield code="a">Morning has broken</marcx:subfield>
        <marcx:subfield code="f">words by Eleanor Farjean</marcx:subfield>
        <marcx:subfield code="e">[music] trad.</marcx:subfield>
      </marcx:datafield>
      <marcx:datafield tag="795" ind1="0" ind2="0">
        <marcx:subfield code="å">23</marcx:subfield>
        <marcx:subfield code="a">Phil the fluter</marcx:subfield>
      </marcx:datafield>
      <marcx:datafield tag="795" ind1="0" ind2="0">
        <marcx:subfield code="å">24</marcx:subfield>
        <marcx:subfield code="a">Sailor's hornpipe</marcx:subfield>
      </marcx:datafield>
      <marcx:datafield tag="795" ind1="0" ind2="0">
        <marcx:subfield code="å">25</marcx:subfield>
        <marcx:subfield code="a">Scheherazade, opus 35 (uddrag)</marcx:subfield>
      </marcx:datafield>
      <marcx:datafield tag="795" ind1="0" ind2="0">
        <marcx:subfield code="å">26</marcx:subfield>
        <marcx:subfield code="a">Sonate for klaver nr. 15, C-dur, Köchel 545 (uddrag)</marcx:subfield>
      </marcx:datafield>
      <marcx:datafield tag="795" ind1="0" ind2="0">
        <marcx:subfield code="å">27</marcx:subfield>
        <marcx:subfield code="a">Svanesøen (Tema)</marcx:subfield>
      </marcx:datafield>
      <marcx:datafield tag="795" ind1="0" ind2="0">
        <marcx:subfield code="å">28</marcx:subfield>
        <marcx:subfield code="a">When the saints go marching in</marcx:subfield>
      </marcx:datafield>
      <marcx:datafield tag="795" ind1="0" ind2="0">
        <marcx:subfield code="å">29</marcx:subfield>
        <marcx:subfield code="a">Album für die Jugend, opus 68</marcx:subfield>
        <marcx:subfield code="7">(</marcx:subfield>
        <marcx:subfield code="v">Wilder Reiter</marcx:subfield>
        <marcx:subfield code="7">)</marcx:subfield>
      </marcx:datafield>
      <marcx:datafield tag="795" ind1="0" ind2="0">
        <marcx:subfield code="å">40</marcx:subfield>
        <marcx:subfield code="y">0</marcx:subfield>
        <marcx:subfield code="a">The ¤happy farmer</marcx:subfield>
        <marcx:subfield code="a">The ¤wild horseman</marcx:subfield>
      </marcx:datafield>
      <marcx:datafield tag="900" ind1="0" ind2="0">
        <marcx:subfield code="a">Korsakov</marcx:subfield>
        <marcx:subfield code="h">Nikolaj Rimskij-</marcx:subfield>
        <marcx:subfield code="z">770/25</marcx:subfield>
      </marcx:datafield>
      <marcx:datafield tag="900" ind1="0" ind2="0">
        <marcx:subfield code="a">Lynam Molloy</marcx:subfield>
        <marcx:subfield code="h">James</marcx:subfield>
        <marcx:subfield code="z">770/18</marcx:subfield>
      </marcx:datafield>
      <marcx:datafield tag="900" ind1="0" ind2="0">
        <marcx:subfield code="a">Milton Black</marcx:subfield>
        <marcx:subfield code="h">James</marcx:subfield>
        <marcx:subfield code="z">770/28</marcx:subfield>
      </marcx:datafield>
    </marcx:record>
